@article{TFM,
	title = {{FACULTAT} D'{INFORMÀTICA} {DE} {BARCELONA} ({FIB})},
	author = {Pasarella, Edelmira and Vidal, Maria-Esther},
	langid = {english},
	file = {Pasarella y Vidal - FACULTAT D'INFORMÀTICA DE BARCELONA (FIB) UNIVER.pdf:C\:\\Users\\polfo\\Zotero\\storage\\9S3FB9YR\\Pasarella y Vidal - FACULTAT D'INFORMÀTICA DE BARCELONA (FIB) UNIVER.pdf:application/pdf},
}

@online{ApuntesHaskell,
	title = {Haskell},
	url = {https://www.cs.upc.edu/~jpetit/Haskell/#1},
	urldate = {2024-03-04},
	file = {Haskell:C\:\\Users\\polfo\\Zotero\\storage\\TCTEGGXW\\Haskell.html:text/html},
}

@software{GitHubDynamicPipeline,
	title = {jproyo/dynamic-pipeline},
	url = {https://github.com/jproyo/dynamic-pipeline},
	author = {Sales, Juan Pablo Royo},
	urldate = {2024-03-04},
	date = {2021-07-21},
	note = {original-date: 2021-03-27T11:12:27Z},
}

@software{GitHubTFG,
	title = {polforner/{TFG}},
	url = {https://github.com/polforner/TFG},
	author = {Pol},
	urldate = {2024-03-04},
	date = {2024-03-04},
	note = {original-date: 2024-03-04T09:51:17Z},
}

@article{TFGALex,
	title = {{FACULTAT} D'{INFORMÀTICA} {DE} {BARCELONA} ({FIB}) {UNIVERSITAT}},
	author = {Herrero, Alex},
	langid = {english},
	file = {Herrero - FACULTAT INFORMATICA DE BARCELONA (FIB) UNIVERSITA.pdf:C\:\\Users\\polfo\\Zotero\\storage\\RM8CI4DI\\Herrero - FACULTAT INFORMATICA DE BARCELONA (FIB) UNIVERSITA.pdf:application/pdf},
}
