
@article{pasarella_facultat_nodate,
	title = {{FACULTAT} {INFORMATICA} {DE} {BARCELONA} ({FIB}) {UNIVERSITAT}},
	author = {Pasarella, Edelmira and Vidal, Maria-Esther},
	langid = {english},
	file = {Pasarella y Vidal - FACULTAT D’INFORMA` TICA DE BARCELONA (FIB) UNIVER.pdf:C\:\\Users\\polfo\\Zotero\\storage\\9S3FB9YR\\Pasarella y Vidal - FACULTAT D’INFORMA` TICA DE BARCELONA (FIB) UNIVER.pdf:application/pdf},
}

@online{noauthor_git_nodate,
	title = {Git},
	url = {https://git-scm.com/},
	urldate = {2024-02-27},
	file = {Git:C\:\\Users\\polfo\\Zotero\\storage\\IRX5XLYA\\git-scm.com.html:text/html},
}

@online{noauthor_haskell_nodate,
	title = {Haskell},
	url = {https://www.cs.upc.edu/~jpetit/Haskell/#1},
	urldate = {2024-03-04},
	file = {Haskell:C\:\\Users\\polfo\\Zotero\\storage\\TCTEGGXW\\Haskell.html:text/html},
}

@software{TFG_GITHUB,
	title = {polforner/{TFG}},
	url = {https://github.com/polforner/TFG},
	author = {Pol},
	urldate = {2024-03-04},
	date = {2024-03-04},
	note = {original-date: 2024-03-04T09:51:17Z},
}

@online{noauthor_what_nodate-1,
	title = {What is the Average Lifespan of a Computer?},
	url = {https://www.hp.com/in-en/shop/tech-takes/post/average-computer-lifespan},
	abstract = {How long is your new, or used, computer supposed to last? Learn more about the average computer lifespan and advice on how to extend the longevity of your {PC}.},
	urldate = {2024-03-11},
	langid = {english},
	file = {Snapshot:C\:\\Users\\polfo\\Zotero\\storage\\SBBPTQUR\\average-computer-lifespan.html:text/html},
}

@online{GlassDoorResearcher,
	title = {Salary: Researcher in Spain 2024},
	url = {https://www.glassdoor.com/Salaries/spain-researcher-salary-SRCH_IL.0,5_IN219_KO6,16.htm},
	shorttitle = {Salary},
	abstract = {The average salary for a Researcher is \$30,000 per year in Spain. Click here to see the total pay, recent salaries shared and more!},
	titleaddon = {Glassdoor},
	urldate = {2024-03-11},
	date = {2024-03-10},
	langid = {english},
	file = {Snapshot:C\:\\Users\\polfo\\Zotero\\storage\\4I2NF74K\\spain-researcher-salary-SRCH_IL.0,5_IN219_KO6,16.html:text/html},
}

@online{GlassdoorProjectManager,
	title = {Salary: Project Manager in Madrid, Spain 2024},
	url = {https://www.glassdoor.com/Salaries/madrid-project-manager-salary-SRCH_IL.0,6_IM1030_KO7,22.htm},
	shorttitle = {Salary},
	abstract = {The average salary for a Project Manager is \$40,000 per year in Madrid, Spain. Click here to see the total pay, recent salaries shared and more!},
	titleaddon = {Glassdoor},
	urldate = {2024-03-11},
	date = {2024-03-11},
	langid = {english},
}

@online{GlassdoorSoftwareDeveloper,
	title = {Salary: Software Developer in Spain 2024},
	url = {https://www.glassdoor.com/Salaries/spain-software-developer-salary-SRCH_IL.0,5_IN219_KO6,24.htm},
	shorttitle = {Salary},
	abstract = {The average salary for a Software Developer is \$33,500 per year in Spain. Click here to see the total pay, recent salaries shared and more!},
	titleaddon = {Glassdoor},
	urldate = {2024-03-11},
	date = {2024-03-01},
	langid = {english},
	file = {Snapshot:C\:\\Users\\polfo\\Zotero\\storage\\97TNRJIQ\\spain-software-developer-salary-SRCH_IL.0,5_IN219_KO6,24.html:text/html},
}
