
@article{pasarella_facultat_nodate,
	title = {{FACULTAT} D'{INFORMÀTICA} {DE} {BARCELONA} ({FIB}) {UNIVERSITAT}},
	author = {Pasarella, Edelmira and Vidal, Maria-Esther},
	langid = {english},
	file = {Pasarella y Vidal - FACULTAT D'INFORMÀTICA DE BARCELONA (FIB) UNIVER.pdf:C\:\\Users\\polfo\\Zotero\\storage\\9S3FB9YR\\Pasarella y Vidal - FACULTAT D'INFORMÀTICA DE BARCELONA (FIB) UNIVER.pdf:application/pdf},
}

@book{sharp_incremental_2007,
	title = {Incremental algorithms: solving problems in a changing world},
	publisher = {Citeseer},
	author = {Sharp, Alexa Megan},
	date = {2007},
}

@online{Scrum,
	title = {What is Scrum? {\textbar} Scrum.org},
	url = {https://www.scrum.org/resources/what-scrum-module},
	shorttitle = {What is Scrum?},
	abstract = {If you are just getting started, think of Scrum as a way to get work done as a team in small pieces at a time, with continuous experimentation and feedback loops along the way to learn and improve as you go. Scrum helps people and teams deliver value incrementally in a collaborative way. As an agile framework, Scrum provides just enough structure for people and teams to integrate into how they work, while adding the right practices to optimize for their specific needs. You may be thinking, that sounds great! But, how do I get started?},
	urldate = {2024-02-27},
	langid = {english},
	file = {Snapshot:C\:\\Users\\polfo\\Zotero\\storage\\TN37CXWJ\\what-scrum-module.html:text/html},
}

@online{Git,
	title = {Git},
	url = {https://git-scm.com/},
	urldate = {2024-02-27},
	file = {Git:C\:\\Users\\polfo\\Zotero\\storage\\IRX5XLYA\\git-scm.com.html:text/html},
}
